@article{pyuvdata2017,
    doi = {10.21105/joss.00140},
    url = {https://doi.org/10.21105/joss.00140},
    year = {2017},
    publisher = {The Open Journal},
    volume = {2},
    number = {10},
    pages = {140},
    author = {Bryna J. Hazelton and Daniel C. Jacobs and Jonathan C. Pober and Adam P. Beardsley},
    title = {pyuvdata: an interface for astronomical interferometeric datasets in python},
    journal = {Journal of Open Source Software}
}

@article{pyuvsim2019,
    doi = {10.21105/joss.01234},
    url = {https://doi.org/10.21105/joss.01234},
    year = {2019},
    publisher = {The Open Journal},
    volume = {4},
    number = {37},
    pages = {1234},
    author = {Adam E. Lanman and Bryna J. Hazelton and Daniel C. Jacobs and
        Matthew J. Kolopanis and Jonathan C. Pober and James E. Aguirre
        and Nithyanandan Thyagarajan},
    title = {pyuvsim: A comprehensive simulation package for radio interferometers in python},
    journal = {Journal of Open Source Software}
}

@article{astropy,
    author = {{Astropy Collaboration}},
    title = "{Astropy: A community Python package for astronomy}",
    journal = {Astronomy and Astrophysics},
    archivePrefix = "arXiv",
    eprint = {1307.6212},
    primaryClass = "astro-ph.IM",
    keywords = {methods: data analysis, methods: miscellaneous, virtual observatory tools},
    year = 2013,
    month = oct,
    volume = 558,
    doi = {10.1051/0004-6361/201322068},
    url = {http://adsabs.harvard.edu/abs/2013A%26A...558A..33A}
}

@misc{lunarsky,
  author = {Adam Lanman},
  title = {lunarsky: An astropy extension to describe observations from the surface of the Moon.},
  year = {2020},
  publisher = {GitHub},
  journal = {GitHub repository},
  url = {https://github.com/aelanman/lunarsky}
}


@inproceedings{topcat,
    author = {{Taylor}, M.~B.},
    title = "{TOPCAT \& STIL: Starlink Table/VOTable Processing Software}",
    booktitle = {Astronomical Data Analysis Software and Systems XIV},
    year = 2005,
    editor = {{Shopbell}, P. and {Britton}, M. and {Ebert}, R.},
    series = {Astronomical Society of the Pacific Conference Series},
    volume = {347},
    month = dec,
    pages = {29},
    adsurl = {https://ui.adsabs.harvard.edu/abs/2005ASPC..347...29T},
    adsnote = {Provided by the SAO/NASA Astrophysics Data System}
}


@ARTICLE{healpix,
       author = {{G{\'o}rski}, K.~M. and {Hivon}, E. and {Banday}, A.~J. and {Wandelt}, B.~D. and {Hansen}, F.~K. and {Reinecke}, M. and {Bartelmann}, M.},
        title = "{HEALPix: A Framework for High-Resolution Discretization and Fast Analysis of Data Distributed on the Sphere}",
      journal = {The Astrophysical Journal},
     keywords = {Cosmology: Cosmic Microwave Background, Cosmology: Observations, Methods: Statistical, Astrophysics},
         year = 2005,
        month = apr,
       volume = {622},
       number = {2},
        pages = {759-771},
          doi = {10.1086/427976},
archivePrefix = {arXiv},
       eprint = {astro-ph/0409513},
 primaryClass = {astro-ph},
       adsurl = {https://ui.adsabs.harvard.edu/abs/2005ApJ...622..759G},
      adsnote = {Provided by the SAO/NASA Astrophysics Data System}
}

@misc{astropy-healpix,
  author = {{Astropy Developers}},
  title = {astropy healpix: BSD-licensed HEALPix for Astropy},
  year = {2016},
  publisher = {GitHub},
  journal = {GitHub repository},
  url = {https://github.com/astropy/astropy-healpix}
}
